
@inproceedings{he2020lightgcn,
  author = {Xiangnan He and Kuan Deng and Xiang Wang and Yan Li and Yongdong Zhang and Meng Wang},
  title = {LightGCN: Simplifying and Powering Graph Convolution Network for Recommendation},
  booktitle = {Proceedings of the 43rd International ACM SIGIR Conference on Research and Development in Information Retrieval (SIGIR '20)},
  year = {2020},
  isbn = {978-1-4503-8016-4},
  location = {Virtual Event, China},
  pages = {639--648},
  numpages = {10},
  doi = {10.1145/3397271.3401063},
  publisher = {ACM},
  address = {New York, NY, USA},
  keywords = {graph convolution network, recommendation system, collaborative filtering, graph neural networks, light graph convolution network},
  archivePrefix = {arXiv},
  eprint = {2002.02126v4},
  primaryClass = {cs.IR}
}


@article{van2017graph,
  title={Graph Convolutional Matrix Completion},
  author={van den Berg, Rianne and Kipf, Thomas N. and Welling, Max},
  journal={arXiv preprint arXiv:1706.02263},
  year={2017},
  archivePrefix={arXiv},
  eprint={1706.02263v2},
  primaryClass={stat.ML}
}

@inproceedings{velivckovic2018graph,
  title={Graph Attention Networks},
  author={Veli{\v{c}}kovi{\'{c}}, Petar and Cucurull, Guillem and Casanova, Arantxa and Romero, Adriana and Li{\`{o}}, Pietro and Bengio, Yoshua},
  booktitle={International Conference on Learning Representations},
  year={2018},
  url={https://openreview.net/forum?id=rJXMpikCZ}
}

